% This file was created with Citavi 6.10.0.0
% % % % % % % % % % % % % % % % % % % % % % % % %
% % % % %           ARBURG           % % % % % % % % % % % % % % % % % % % % % % % % % % % % % % % % % % % % % % % % % % % % % % % % % % % % % % % % % % % % 
% % % % % % % % % % % % % % % % % % % % % % % % %

@misc{ARBURGGmbH+CoKG.2021,
	editor = {{ARBURG GmbH + Co KG}},
	year = {2021},
	title = {Daten {\&} Fakten},
	url = {https://www.arburg.com/de/unternehmen/daten-fakten/},
	urldate = {2022-01-12}
}

@misc{ARBURGGmbH+CoKG_Mediendatenbank,
	editor = {{ARBURG GmbH + Co KG}},
	year = {2021},
	title = {Mediendatenbank}
}


% % % % % % % % % % % % % % % % % % % % % % % % %
% % % % %        Entwurfsmuster         % % % % % % % % % % % % % % % % % % % % % % % % % % % % % % % % % % % % % % % % % % % % % % % % % % % % % % % % % % % % 
% % % % % % % % % % % % % % % % % % % % % % % % %
% Muss noch angeschaut und richtig verlinkt werden

@misc{Augsten.2019,
	author = {Augsten, Stephan},
	editor = {dev-insider},
	year = {2019},
	title = {Was ist Dependency Injection?},
	url = {https://www.dev-insider.de/was-ist-dependency-injection-a-814452/},
	urldate = {2022-02-25}
}

@misc{Britch.2017,
	author = {Britch, David},
	editor = {{Microsoft Corp.}},
	year = {2017},
	title = {Das Model-View-ViewModel-Muster},
	url = {https://docs.microsoft.com/de-de/xamarin/xamarin-forms/enterprise-application-patterns/mvvm},
	urldate = {2022-02-25}
}

@misc{Fowler.2004,
	author = {Fowler, Martin},
	year = {2004},
	title = {Inversion of Control Containers and the Dependency Injection pattern},
	url = {https://martinfowler.com/articles/injection.html},
	urldate = {2022-02-25}
}

@article{Martin.2000,
	author = {Martin, Robert C.},
	year = {2000},
	title = {Design Principles and Design Patterns},
	urldate = {2022-02-25},
	journal = {objectmentor.com}
}

@article{Tielke.2015,
	author = {Tielke, David},
	year = {2015},
	title = {Besser mit Plan: Eine Architektur f{\"u}r die Praxis, Teil 1},
	urldate = {2022-02-25},
	journal = {dotnetpro}
}

@article{Tielke.2015b,
	author = {Tielke, David},
	year = {2015},
	title = {Composite Components: Eine Architektur f{\"u}r die Praxis, Teil 3},
	urldate = {2022-02-25},
	journal = {dotnetpro}
}

@article{Tielke.2015c,
	author = {Tielke, David},
	year = {2015},
	title = {Nieder mit den Abh{\"a}ngigkeiten: Eine Architektur f{\"u}r die Praxis, Teil 2},
	urldate = {2022-02-25},
	journal = {dotnetpro}
}

@book{LahresRayman,
	author    = {Lahres, Bernd and Rayman, Gregor}, 
	title     = {Objektorientierte Programmierung - Das umfassende Handbuch},
	publisher = {Rheinwerk Computing},
	year      = {2021},
	edition   = {2st},
	isbn      = {9783836214018}
}

@misc{dotnetArchitecture,
	title = {.NET and .NET Framework},
	url = {https://dotnet.microsoft.com/en-us/learn/dotnet/what-is-dotnet-framework},
	urldate = {2022-02-10}
}



% % % % % % % % % % % % % % % % % % % % % % % % %
% % % % %    Theorie zum Thema    % % % % % % % % % % % % % % % % % % % % % % % % % % % % % % % % % % % % % % % % % % % % % % % % % % % % % % % % % % % % 
% % % % % % % % % % % % % % % % % % % % % % % % %

% Bücher
@book{KaufmannPfister.2017,
  author    = {Kaufmann, Tobias and Pfister, Beat}, 
  title     = {Sprachverarbeitung: Grundlagen und Methoden der Sprachsynthese und Spracherkennung},
  publisher = {Springer},
  year      = {2017},
  edition   = {2nd},
  isbn      = {9783662528389}
}

% Anderes

@techreport{Mayer.2014,
	author    = {Mayer, J{\"o}rg}, 
	title     = {Linguistische Phonetik},
	institution = {Institut f{\"u}r maschinelle Sprachverarbeitung Stuttgart},
	year      = {2014}
}

@misc{WikipediaSpracherkennung,
	year = {2022},
	title = {Spracherkennung},
	url = {https://de.wikipedia.org/wiki/Spracherkennung#Diskrete_und_kontinuierliche_Sprache},
	urldate = {2022-01-24}
} % auch für die Bilder


% % % % % % % % % % % % % % % % % % % % % % % % %
% % % % %          Statistiken          % % % % % % % % % % % % % % % % % % % % % % % % % % % % % % % % % % % % % % % % % % % % % % % % % % % % % % % % % % % % 
% % % % % % % % % % % % % % % % % % % % % % % % %

% ...



% % % % % % % % % % % % % % % % % % % % % % % % %
% % % % %     Marktanalyse     % % % % % % % % % % % % % % % % % % % % % % % % % % % % % % % % % % % % % % % % % % % % % % % % % % % % % % % % % % % % 
% % % % % % % % % % % % % % % % % % % % % % % % %

% ...